@misc{wei2023jailbroken,
  title        = {Jailbroken: How Does LLM Safety Training Fail?},
  author       = {Alexander Wei and Nika Haghtalab and Jacob Steinhardt},
  year         = {2023},
  eprint       = {2307.02483},
  archivePrefix= {arXiv},
  primaryClass = {cs.LG},
  url          = {https://arxiv.org/abs/2307.02483}
}

@misc{zou2023universal,
  title        = {Universal and Transferable Adversarial Attacks on Aligned Language Models},
  author       = {Andy Zou and Zifan Wang and Nicholas Carlini and Milad Nasr and J. Zico Kolter and Matt Fredrikson},
  year         = {2023},
  eprint       = {2307.15043},
  archivePrefix= {arXiv},
  primaryClass = {cs.CL},
  url          = {https://arxiv.org/abs/2307.15043}
}

@article{gabrilovich2002homograph,
  author    = {Evgeniy Gabrilovich and Alex Gontmakher},
  title     = {The Homograph Attack},
  journal   = {Communications of the ACM},
  volume    = {45},
  number    = {2},
  pages     = {128},
  year      = {2002},
  doi       = {10.1145/503124.503156},
  publisher = {Association for Computing Machinery}
}

@book{sullivan2011web,
  title     = {Web Application Security: A Beginner's Guide},
  author    = {Sullivan, Bryan and Liu, Vincent},
  year      = {2011},
  publisher = {McGraw-Hill},
  address   = {New York},
  isbn      = {9780071776165}
}

@misc{jiang2023evaluating,
  title        = {Evaluating the Social Impact of Generative AI Systems in Systems and Society},
  author       = {Irene Solaiman and Zeerak Talat and William Agnew and Lama Ahmad and Dylan Baker and Su Lin Blodgett and Hal Daumé III and Jesse Dodge and Ellie Evans and Sara Hooker and Yacine Jernite and Alexandra Olteanu and Emily Parker and Zeerak Talat and Alexandra Sasha Luccioni and Margaret Mitchell},
  year         = {2023},
  eprint       = {2306.05949},
  archivePrefix= {arXiv},
  primaryClass = {cs.CY}
}

@misc{brown2020language,
  title        = {Language Models are Few-Shot Learners},
  author       = {Tom Brown and Benjamin Mann and Nick Ryder and Melanie Subbiah and Jared D Kaplan and Prafulla Dhariwal and Arvind Neelakantan and Pranav Shyam and Girish Sastry and Amanda Askell and others},
  year         = {2020},
  eprint       = {2005.14165},
  archivePrefix= {arXiv},
  primaryClass = {cs.CL}
}

@misc{kasneci2023chatgpt,
  title        = {ChatGPT for good? On opportunities and challenges of large language models for education},
  author       = {Enkelejda Kasneci and Kathrin Sessler and Stefan Küchemann and Maria Bannert and Daryna Dementieva and Frank Fischer and Urs Gasser and Georg Groh and Stephan Günnemann and Eyke Hüllermeier and others},
  year         = {2023},
  journal      = {Learning and Individual Differences},
  volume       = {103},
  pages        = {102274},
  publisher    = {Elsevier}
}

@misc{chen2021evaluating,
  title        = {Evaluating Large Language Models Trained on Code},
  author       = {Mark Chen and Jerry Tworek and Heewoo Jun and Qiming Yuan and Henrique Ponde de Oliveira Pinto and Jared Kaplan and Harri Edwards and Yuri Burda and Nicholas Joseph and Greg Brockman and others},
  year         = {2021},
  eprint       = {2107.03374},
  archivePrefix= {arXiv},
  primaryClass = {cs.LG}
}

@misc{greshake2023not,
  title        = {Not what you've signed up for: Compromising Real-World LLM-Integrated Applications with Indirect Prompt Injection},
  author       = {Kai Greshake and Sahar Abdelnabi and Shailesh Mishra and Christoph Endres and Thorsten Holz and Mario Fritz},
  year         = {2023},
  eprint       = {2302.12173},
  archivePrefix= {arXiv},
  primaryClass = {cs.CR}
}

@misc{liu2023autodan,
  title        = {AutoDAN: Generating Stealthy Jailbreak Prompts on Aligned Large Language Models},
  author       = {Xiaogeng Liu and Nan Xu and Muhao Chen and Chaowei Xiao},
  year         = {2023},
  eprint       = {2310.04451},
  archivePrefix= {arXiv},
  primaryClass = {cs.CL}
}

@misc{jia2017adversarial,
  title        = {Adversarial Examples for Evaluating Reading Comprehension Systems},
  author       = {Robin Jia and Percy Liang},
  year         = {2017},
  eprint       = {1707.07328},
  archivePrefix= {arXiv},
  primaryClass = {cs.CL}
}

@misc{ebrahimi2017hotflip,
  title        = {HotFlip: White-Box Adversarial Examples for Text Classification},
  author       = {Javid Ebrahimi and Anyi Rao and Daniel Lowd and Dejing Dou},
  year         = {2017},
  eprint       = {1712.06751},
  archivePrefix= {arXiv},
  primaryClass = {cs.CL}
}

@misc{perez2022ignore,
  title        = {Ignore Previous Prompt: Attack Techniques For Language Models},
  author       = {Fábio Perez and Ian Ribeiro},
  year         = {2022},
  eprint       = {2211.09527},
  archivePrefix= {arXiv},
  primaryClass = {cs.CR}
}

@misc{bagdasaryan2023ab,
  title        = {(Ab)using Images and Sounds for Indirect Instruction Injection in Multi-Modal LLMs},
  author       = {Eugene Bagdasaryan and Tsung-Yin Hsieh and Ben Nassi and Vitaly Shmatikov},
  year         = {2023},
  eprint       = {2307.10490},
  archivePrefix= {arXiv},
  primaryClass = {cs.CR}
}

@misc{wallace2019universal,
  title        = {Universal Adversarial Triggers for Attacking and Analyzing NLP},
  author       = {Eric Wallace and Shi Feng and Nikhil Kandpal and Matt Gardner and Sameer Singh},
  year         = {2019},
  eprint       = {1908.07125},
  archivePrefix= {arXiv},
  primaryClass = {cs.CL}
}

@article{barth2010unicode,
  title   = {Unicode security considerations},
  author  = {Barth, Adam and Caballero, Juan and Song, Dawn},
  journal = {Technical Report},
  year    = {2010}
}

@article{holgers2006script,
  title   = {Script spoofing--an overview},
  author  = {Holgers, Tobias and Watson, David E and Gribble, Steven D},
  journal = {Technical Report 2006-06-1},
  year    = {2006}
}

@inproceedings{liu2005homograph,
  title        = {Homograph attack prevention with OCR},
  author       = {Liu, Wenyin and Huang, Guangqin and Liu, Xiaotie and Zhang, Min and Deng, Xiaoning},
  booktitle    = {International Conference on Computational Science},
  pages        = {605--612},
  year         = {2005},
  organization = {Springer}
}

@inproceedings{li2018textbugger,
  title     = {TextBugger: Generating Adversarial Text Against Real-world Applications},
  author    = {Jinfeng Li and Shouling Ji and Tianyu Du and Bo Li and Ting Wang},
  booktitle = {NDSS},
  year      = {2018}
}

@article{davis2008unicode,
  title   = {Unicode Security Mechanisms},
  author  = {Mark Davis and Michel Suignard},
  journal = {Unicode Technical Report \#36},
  year    = {2008}
}

@article{mcgowan2006international,
  title   = {International Domain Names: Unicode Consortiums Internationalization and Unicode Security},
  author  = {McGowan, R},
  journal = {IEEE Security \& Privacy},
  volume  = {4},
  number  = {2},
  pages   = {69--71},
  year    = {2006}
}

@article{davis2009unicode,
  title   = {Unicode Bidirectional Algorithm},
  author  = {Mark Davis and Aharon Lanin and Andrew Glass},
  journal = {Unicode Standard Annex \#9},
  year    = {2009}
}

@inproceedings{por2012unicodes,
  title        = {UniCodes: Unicode-Based Covert Channel},
  author       = {Lip Yee Por and Delina Beh and TF Ang},
  booktitle    = {2012 International Conference on Computer \& Information Science (ICCIS)},
  pages        = {1012--1016},
  year         = {2012},
  organization = {IEEE}
}

@article{davis2012unicode,
  title   = {Unicode Normalization Forms},
  author  = {Mark Davis and Ken Whistler},
  journal = {Unicode Standard Annex \#15},
  year    = {2012}
}

@misc{ouyang2022training,
  title        = {Training language models to follow instructions with human feedback},
  author       = {Long Ouyang and Jeff Wu and Xu Jiang and Diogo Almeida and Carroll L Wainwright and Pamela Mishkin and Chong Zhang and Sandhini Agarwal and Katarina Slama and Alex Ray and others},
  year         = {2022},
  eprint       = {2203.02155},
  archivePrefix= {arXiv},
  primaryClass = {cs.CL}
}

@misc{bai2022constitutional,
  title        = {Constitutional AI: Harmlessness from AI Feedback},
  author       = {Yuntao Bai and Andy Jones and Kamal Ndousse and Amanda Askell and Anna Chen and Nova DasSarma and Dawn Drain and Stanislav Fort and Deep Ganguli and Tom Henighan and others},
  year         = {2022},
  eprint       = {2212.08073},
  archivePrefix= {arXiv},
  primaryClass = {cs.CL}
}

@misc{christiano2017deep,
  title        = {Deep reinforcement learning from human preferences},
  author       = {Paul F Christiano and Jan Leike and Tom Brown and Miljan Martic and Shane Legg and Dario Amodei},
  year         = {2017},
  eprint       = {1706.03741},
  archivePrefix= {arXiv},
  primaryClass = {stat.ML}
}

@misc{casper2023open,
  title        = {Open Problems and Fundamental Limitations of Reinforcement Learning from Human Feedback},
  author       = {Stephen Casper and Xander Davies and Claudia Shi and Thomas Krendl Gilbert and Jérémy Scheurer and Javier Rando and Rachel Freedman and Tomasz Korbak and David Lindner and Pedro Freire and others},
  year         = {2023},
  eprint       = {2307.15217},
  archivePrefix= {arXiv},
  primaryClass = {cs.AI}
}

@misc{wolf2023fundamental,
  title        = {Fundamental limitations of alignment in large language models},
  author       = {Yotam Wolf and Noam Wies and Oshri Avnery and Yoav Levine and Amnon Shashua},
  year         = {2023},
  eprint       = {2304.11082},
  archivePrefix= {arXiv},
  primaryClass = {cs.CL}
}

@misc{sennrich2015neural,
  title        = {Neural Machine Translation of Rare Words with Subword Units},
  author       = {Rico Sennrich and Barry Haddow and Alexandra Birch},
  year         = {2015},
  eprint       = {1508.07909},
  archivePrefix= {arXiv},
  primaryClass = {cs.CL}
}

@misc{kudo2018sentencepiece,
  title        = {SentencePiece: A simple and language independent subword tokenizer and detokenizer for Neural Text Processing},
  author       = {Taku Kudo and John Richardson},
  year         = {2018},
  eprint       = {1808.06226},
  archivePrefix= {arXiv},
  primaryClass = {cs.CL}
}

@misc{kudo2018subword,
  title        = {Subword Regularization: Improving Neural Network Translation Models with Multiple Subword Candidates},
  author       = {Taku Kudo},
  year         = {2018},
  eprint       = {1804.10959},
  archivePrefix= {arXiv},
  primaryClass = {cs.CL}
}

@misc{liu2023lost,
  title        = {Lost in the Middle: How Language Models Use Long Contexts},
  author       = {Nelson F. Liu and Kevin Lin and John Hewitt and Ashwin Paranjape and Michele Bevilacqua and Fabio Petroni and Percy Liang},
  year         = {2023},
  eprint       = {2307.03172},
  archivePrefix= {arXiv},
  primaryClass = {cs.CL}
}